<mx:record xmlns="http://www.w3.org/TR/xhtml1/strict" xmlns:mx="http://www.loc.gov/MARC21/slim" xmlns:xsi="http://www.w3.org/2001/XMLSchema-instance"><mx:leader>00000cz  a2200000n  45 0</mx:leader><mx:controlfield tag="001">oca01823389 </mx:controlfield><mx:controlfield tag="005">20080408053150.0</mx:controlfield><mx:controlfield tag="008">870331n| acannaabn          |a aaa      </mx:controlfield><mx:datafield ind1=" " ind2=" " tag="010"><mx:subfield code="a">n  87820216</mx:subfield></mx:datafield><mx:datafield ind1=" " ind2=" " tag="040"><mx:subfield code="a">DLC</mx:subfield><mx:subfield code="b">eng</mx:subfield><mx:subfield code="c">DLC</mx:subfield><mx:subfield code="d">DLC</mx:subfield><mx:subfield code="d">OCoLC</mx:subfield></mx:datafield><mx:datafield ind1="0" ind2=" " tag="100"><mx:subfield code="a">Pseudo-Hyginus</mx:subfield></mx:datafield><mx:datafield ind1="0" ind2=" " tag="400"><mx:subfield code="a">Pseudo-Hygin</mx:subfield></mx:datafield><mx:datafield ind1="0" ind2=" " tag="400"><mx:subfield code="a">Pseudo-Igino</mx:subfield></mx:datafield><mx:datafield ind1="0" ind2=" " tag="500"><mx:subfield code="a">Hyginus,</mx:subfield><mx:subfield code="c">Gromaticus</mx:subfield></mx:datafield><mx:datafield ind1=" " ind2=" " tag="670"><mx:subfield code="a">His Des fortifications du camp, 1979:</mx:subfield><mx:subfield code="b">t.p. (Pseudo-Hygin) introd. (nothing known of author; in the oldest ms. the attribution to Hyginus Gromaticus has been written in by a later hand) p. xxvi (Pseudo-Igino)</mx:subfield></mx:datafield><mx:datafield ind1=" " ind2=" " tag="670"><mx:subfield code="a">Oxford class. dict., 1970</mx:subfield><mx:subfield code="b">(under Hyginus: to Hyginus Gromaticus there has been falsely attributed the incomplete treatise De munitionibus castrorum)</mx:subfield></mx:datafield><mx:datafield ind1=" " ind2=" " tag="999"><mx:subfield code="a">485</mx:subfield></mx:datafield></mx:record>